<?xml version="1.0" encoding="UTF-8"?><record xmlns="http://www.loc.gov/MARC21/slim" xmlns:cinclude="http://apache.org/cocoon/include/1.0" xmlns:zs="http://www.loc.gov/zing/srw/">
  <leader>00403nz  a2200133n  4500</leader>
  <controlfield tag="001">n 2010209625</controlfield>
  <controlfield tag="003">DLC</controlfield>
  <controlfield tag="005">20110324075027.0</controlfield>
  <controlfield tag="008">110323n| acannaabn          |a aaa      </controlfield>
  <datafield tag="010" ind1=" " ind2=" ">
    <subfield code="a">n 2010209625</subfield>
  </datafield>
  <datafield tag="040" ind1=" " ind2=" ">
    <subfield code="a">DLC</subfield>
    <subfield code="b">eng</subfield>
    <subfield code="c">DLC</subfield>
  </datafield>
  <datafield tag="100" ind1="1" ind2=" ">
    <subfield code="a">Pāṭīla, Satīś</subfield>
  </datafield>
  <datafield tag="400" ind1="1" ind2=" ">
    <subfield code="a">Patil, Sateesh</subfield>
  </datafield>
  <datafield tag="670" ind1=" " ind2=" ">
    <subfield code="a">Hebbaḷḷi bhūhōrāṭa, 2007:</subfield>
    <subfield code="b">t.p. (Ḍā. Satīś Pāṭīla) t.p. verso (Dr. Sateesh Patil)</subfield>
  </datafield>
</record>